<record><leader>00000cas a22000007a 4500</leader><controlfield tag="001">21959654</controlfield><controlfield tag="008">900703d18941904couwr ne      0    0eng d</controlfield><datafield ind1=" " ind2=" " tag="010"><subfield code="a">sn 90051443 </subfield></datafield><datafield ind1=" " ind2=" " tag="040"><subfield code="a">CNQ</subfield><subfield code="b">eng</subfield><subfield code="c">CNQ</subfield><subfield code="d">OCLCQ</subfield></datafield><datafield ind1=" " ind2=" " tag="042"><subfield code="a">msc</subfield></datafield><datafield ind1="0" ind2=" " tag="130"><subfield code="a">Populist (Ridgway, Colo.)</subfield></datafield><datafield ind1="1" ind2="4" tag="245"><subfield code="a">The populist.</subfield></datafield><datafield ind1=" " ind2=" " tag="260"><subfield code="a">Ridgway, Colo. :</subfield><subfield code="b">Ellen G. Cassedy</subfield></datafield><datafield ind1=" " ind2=" " tag="300"><subfield code="a">v.</subfield></datafield><datafield ind1=" " ind2=" " tag="310"><subfield code="a">Weekly</subfield></datafield><datafield ind1="0" ind2=" " tag="362"><subfield code="a">Vol. 1, no. 1 (Aug. 17, 1894)-</subfield></datafield><datafield ind1="1" ind2=" " tag="362"><subfield code="a">Ceased in 1904?</subfield></datafield><datafield ind1=" " ind2=" " tag="752"><subfield code="a">United States</subfield><subfield code="b">Colorado</subfield><subfield code="c">Ouray</subfield><subfield code="d">Ridgway.</subfield></datafield></record>